<record><leader>00000cas a2200000 a 4500</leader><controlfield tag="001">8814143</controlfield><controlfield tag="008">820928c19759999meudn ne      0   a0eng  </controlfield><controlfield tag="009">466</controlfield><datafield ind1=" " ind2=" " tag="010"><subfield code="a">sn 82015772 </subfield><subfield code="z">sn 82016143 </subfield></datafield><datafield ind1=" " ind2=" " tag="040"><subfield code="a">DLC</subfield><subfield code="b">eng</subfield><subfield code="c">DLC</subfield><subfield code="d">NSD</subfield><subfield code="d">DLC</subfield><subfield code="d">OCL</subfield><subfield code="d">DLC</subfield><subfield code="d">MGN</subfield><subfield code="d">NSD</subfield><subfield code="d">MBN</subfield><subfield code="d">DLC</subfield><subfield code="d">CUS</subfield><subfield code="d">OCLCQ</subfield><subfield code="d">OCLCO</subfield><subfield code="d">OCLCF</subfield></datafield><datafield ind1=" " ind2=" " tag="012"><subfield code="b">3</subfield><subfield code="m">1</subfield><subfield code="l">1</subfield></datafield><datafield ind1=" " ind2=" " tag="019"><subfield code="a">9169221</subfield></datafield><datafield ind1="1" ind2=" " tag="022"><subfield code="a">0745-2039</subfield><subfield code="l">0745-2039</subfield><subfield code="2">1</subfield></datafield><datafield ind1="1" ind2=" " tag="029"><subfield code="a">AU@</subfield><subfield code="b">000021738833</subfield></datafield><datafield ind1=" " ind2=" " tag="032"><subfield code="a">143620</subfield><subfield code="b">USPS</subfield></datafield><datafield ind1=" " ind2=" " tag="037"><subfield code="a">274 Western Ave., Augusta, ME 04330</subfield></datafield><datafield ind1=" " ind2=" " tag="042"><subfield code="a">nsdp</subfield><subfield code="a">pcc</subfield></datafield><datafield ind1=" " ind2=" " tag="043"><subfield code="a">n-us-me</subfield></datafield><datafield ind1="0" ind2="0" tag="050"><subfield code="a">Newspaper</subfield></datafield><datafield ind1="0" ind2=" " tag="130"><subfield code="a">Kennebec journal (Augusta, Me. : 1975)</subfield></datafield><datafield ind1=" " ind2="0" tag="222"><subfield code="a">Kennebec journal</subfield><subfield code="b">(Augusta, Me. : 1975)</subfield></datafield><datafield ind1="0" ind2="0" tag="245"><subfield code="a">Kennebec journal.</subfield></datafield><datafield ind1="1" ind2=" " tag="246"><subfield code="i">Issues for Sunday published as:</subfield><subfield code="a">Kennebec journal Sunday</subfield></datafield><datafield ind1="3" ind2="0" tag="246"><subfield code="a">Journal</subfield></datafield><datafield ind1=" " ind2=" " tag="260"><subfield code="a">Augusta, Me. :</subfield><subfield code="b">Guy Gannett Pub. Co.,</subfield><subfield code="c">1975-</subfield></datafield><datafield ind1=" " ind2=" " tag="300"><subfield code="a">v.</subfield></datafield><datafield ind1=" " ind2=" " tag="310"><subfield code="a">Daily (except Christmas Day),</subfield><subfield code="b">Apr. 2, 1995-</subfield></datafield><datafield ind1=" " ind2=" " tag="321"><subfield code="a">Daily (except Sunday),</subfield><subfield code="b">Jan. 1975-Mar. 1995</subfield></datafield><datafield ind1="0" ind2=" " tag="362"><subfield code="a">Vol. 150, no. 7 (Jan. 8, 1975)-</subfield></datafield><datafield ind1=" " ind2=" " tag="500"><subfield code="a">Issued: Coastal edition, 1989-&lt;1990&gt;</subfield></datafield><datafield ind1=" " ind2=" " tag="500"><subfield code="a">"A Blethen Maine newspaper", &lt;Feb. 1, 2000-&gt;.</subfield></datafield><datafield ind1=" " ind2=" " tag="530"><subfield code="a">Also available on microfilm from Bell &amp; Howell Information and Learning and New England Micrographics, inc.</subfield></datafield><datafield ind1=" " ind2="0" tag="651"><subfield code="a">Augusta (Me.)</subfield><subfield code="v">Newspapers.</subfield></datafield><datafield ind1=" " ind2="0" tag="651"><subfield code="a">Kennebec County (Me.)</subfield><subfield code="v">Newspapers.</subfield></datafield><datafield ind1=" " ind2="7" tag="655"><subfield code="a">Newspapers.</subfield><subfield code="2">fast</subfield><subfield code="0">(OCoLC)fst01423814</subfield></datafield><datafield ind1=" " ind2="7" tag="651"><subfield code="a">Maine</subfield><subfield code="z">Augusta.</subfield><subfield code="2">fast</subfield><subfield code="0">(OCoLC)fst01209573</subfield></datafield><datafield ind1=" " ind2="7" tag="651"><subfield code="a">Maine</subfield><subfield code="z">Kennebec County.</subfield><subfield code="2">fast</subfield><subfield code="0">(OCoLC)fst01211990</subfield></datafield><datafield ind1=" " ind2=" " tag="752"><subfield code="a">United States</subfield><subfield code="b">Maine</subfield><subfield code="c">Kennebec</subfield><subfield code="d">Augusta.</subfield></datafield><datafield ind1="1" ind2=" " tag="776"><subfield code="t">Kennebec journal (Augusta, Me. : 1975 : Online)</subfield><subfield code="w">(OCoLC)60630676</subfield></datafield><datafield ind1="0" ind2="0" tag="780"><subfield code="t">Daily Kennebec journal</subfield><subfield code="w">(DLC)sn 82014248</subfield><subfield code="w">(OCoLC)8810696</subfield></datafield><datafield ind1="4" ind2="1" tag="856"><subfield code="u">http://www.kjonline.com</subfield></datafield><datafield ind1="4" ind2="1" tag="856"><subfield code="h">http://www.onlinesentinel.com</subfield></datafield><datafield ind1=" " ind2=" " tag="936"><subfield code="a">Vol. 175, no. 60 (Feb. 29, 2000) LIC</subfield></datafield></record>